<record><leader>00000cas a22000007a 4500</leader><controlfield tag="001">13363637</controlfield><controlfield tag="008">860331d19081929mtuwr ne      0   a0eng d</controlfield><datafield ind1=" " ind2=" " tag="010"><subfield code="a">sn 86075094 </subfield></datafield><datafield ind1=" " ind2=" " tag="040"><subfield code="a">MTL</subfield><subfield code="b">eng</subfield><subfield code="c">MTL</subfield><subfield code="d">NSD</subfield><subfield code="d">OCLCQ</subfield><subfield code="d">DLC</subfield><subfield code="d">OCLCF</subfield></datafield><datafield ind1="0" ind2=" " tag="022"><subfield code="a">2470-4164</subfield><subfield code="2">1</subfield></datafield><datafield ind1=" " ind2=" " tag="042"><subfield code="a">msc</subfield><subfield code="a">nsdp</subfield></datafield><datafield ind1=" " ind2=" " tag="043"><subfield code="a">n-us-mt</subfield></datafield><datafield ind1="0" ind2="0" tag="050"><subfield code="a">Newspaper</subfield></datafield><datafield ind1="1" ind2="0" tag="082"><subfield code="a">071</subfield><subfield code="2">23</subfield></datafield><datafield ind1=" " ind2="4" tag="222"><subfield code="a">The roundup record</subfield><subfield code="b">(Print)</subfield></datafield><datafield ind1="0" ind2="4" tag="245"><subfield code="a">The roundup record.</subfield></datafield><datafield ind1=" " ind2=" " tag="260"><subfield code="a">Roundup, Mont. :</subfield><subfield code="b">A.W. Eiselein,</subfield><subfield code="c">1908-1929.</subfield></datafield><datafield ind1=" " ind2=" " tag="300"><subfield code="a">22 v. :</subfield><subfield code="b">ill. ;</subfield><subfield code="c">54 cm.</subfield></datafield><datafield ind1=" " ind2=" " tag="310"><subfield code="a">Weekly</subfield></datafield><datafield ind1="0" ind2=" " tag="362"><subfield code="a">Vol. 1, no. 1 (Apr. 3, 1908)-22nd year, no. 42 (Dec. 27, 1929).</subfield></datafield><datafield ind1=" " ind2=" " tag="530"><subfield code="a">Archived issues are available in digital format from the Library of Congress Chronicling America online collection.</subfield></datafield><datafield ind1=" " ind2=" " tag="580"><subfield code="a">Merged with: Roundup tribune, to form: Roundup record-tribune.</subfield></datafield><datafield ind1=" " ind2="0" tag="651"><subfield code="a">Roundup (Mont.)</subfield><subfield code="v">Newspapers.</subfield></datafield><datafield ind1=" " ind2="7" tag="655"><subfield code="a">Newspapers.</subfield><subfield code="2">fast</subfield><subfield code="0">(OCoLC)fst01423814</subfield></datafield><datafield ind1=" " ind2="7" tag="651"><subfield code="a">Montana</subfield><subfield code="z">Roundup.</subfield><subfield code="2">fast</subfield><subfield code="0">(OCoLC)fst01268845</subfield></datafield><datafield ind1=" " ind2=" " tag="752"><subfield code="a">United States</subfield><subfield code="b">Montana</subfield><subfield code="c">Musselshell</subfield><subfield code="d">Roundup.</subfield></datafield><datafield ind1="0" ind2="8" tag="776"><subfield code="i">Online version:</subfield><subfield code="t">Roundup record</subfield><subfield code="x">2470-4172</subfield><subfield code="w">(DLC)  2015270782</subfield><subfield code="w">(OCoLC)935338690</subfield></datafield><datafield ind1="1" ind2="7" tag="785"><subfield code="t">Roundup tribune</subfield><subfield code="w">(DLC)sn 86075095</subfield></datafield><datafield ind1="1" ind2="7" tag="785"><subfield code="t">Roundup record-tribune</subfield><subfield code="x">0742-8294</subfield><subfield code="w">(DLC)sn 84009870</subfield></datafield><datafield ind1="4" ind2="1" tag="856"><subfield code="u">http://www.loc.gov/chroniclingamerica/lccn/sn86075094/issues</subfield></datafield></record>